
@article{abramsky-thesis,
  title = {Domain Theory in Logical Form},
  author = {Abramsky, Samson},
  date = {1991-03-14},
  journaltitle = {Annals of Pure and Applied Logic},
  shortjournal = {Annals of Pure and Applied Logic},
  volume = {51},
  pages = {1--77},
  issn = {0168-0072},
  doi = {10.1016/0168-0072(91)90065-T},
  file = {/home/ayberkt/Zotero/storage/QP8TAA8N/Abramsky - 1991 - Domain theory in logical form.pdf;/home/ayberkt/Zotero/storage/3YX93DA8/016800729190065T.html},
  langid = {english},
  number = {1}
}

@software{agda-cubical,
  title = {Cubical: An Experimental Library for {{Cubical Agda}}},
  shorttitle = {\texttt{cubical}},
  author = {Mörtberg, Anders and Vezzosi, Andrea},
  url = {https://github.com/agda/cubical},
  urldate = {2020-04-28}
}

@letter{another-way-out,
  title = {Another Way Out?},
  author = {Coquand, Thierry},
  date = {2019-12-13},
  file = {/home/ayberkt/Zotero/storage/HJP42BVJ/Coquand, Thierry - 2019 - another way out.pdf},
  type = {E-mail}
}

@book{armstrong-topology,
  title = {Basic Topology},
  author = {Armstrong, M. A},
  date = {2011},
  publisher = {{Springer}},
  location = {{New York; London}},
  isbn = {978-1-4419-2819-1},
  langid = {english}
}

@book{artin,
  title = {Grothendieck Topologies: Notes on a {{Seminar}}},
  shorttitle = {Grothendieck Topologies},
  author = {Artin, Michael},
  date = {1962},
  publisher = {{Harvard Univ. Department of Mathematics}},
  location = {{Cambridge Mass.}},
  langid = {english}
}

@article{axiom-of-choice,
  title = {On the {{Computational Content}} of the {{Axiom}} of {{Choice}}},
  author = {Berardi, Stefano and Bezem, Marc and Coquand, Thierry},
  date = {1998},
  journaltitle = {The Journal of Symbolic Logic},
  volume = {63},
  pages = {600--622},
  publisher = {{[Association for Symbolic Logic, Cambridge University Press]}},
  issn = {0022-4812},
  doi = {10.2307/2586854},
  file = {/home/ayberkt/Zotero/storage/DLXA9NY7/Berardi et al. - 1998 - On the Computational Content of the Axiom of Choic.pdf},
  number = {2}
}

@incollection{brouwer-1954pointsspaces-1975,
  title = {1954 {{A}} - {{POINTS AND SPACES}}},
  booktitle = {Philosophy and {{Foundations}} of {{Mathematics}}},
  author = {Brouwer, L. E. J.},
  editor = {Heyting, A.},
  date = {1975-01-01},
  pages = {522--538},
  publisher = {{North-Holland}},
  doi = {10.1016/B978-0-7204-2076-0.50065-9},
  file = {/home/ayberkt/Zotero/storage/HBKZ8C6P/Brouwer - 1975 - 1954 A - POINTS AND SPACES.pdf;/home/ayberkt/Zotero/storage/VPE2CVQC/B9780720420760500659.html},
  isbn = {978-0-7204-2076-0},
  langid = {english}
}

@article{CCHM,
  title = {Cubical {{Type Theory}}: A Constructive Interpretation of the Univalence Axiom},
  shorttitle = {Cubical {{Type Theory}}},
  author = {Cohen, Cyril and Coquand, Thierry and Huber, Simon and Mörtberg, Anders},
  date = {2016-11-07},
  url = {http://arxiv.org/abs/1611.02108},
  urldate = {2019-12-18},
  archivePrefix = {arXiv},
  eprint = {1611.02108},
  eprinttype = {arxiv},
  file = {/home/ayberkt/Zotero/storage/35VVBR3G/Cohen et al. - 2016 - Cubical Type Theory a constructive interpretation.pdf;/home/ayberkt/Zotero/storage/JGIFU4Y3/1611.html},
  keywords = {Computer Science - Logic in Computer Science,F.3.2,F.4.1,Mathematics - Logic},
  primaryClass = {cs, math}
}

@inproceedings{cederquist-constructiveproofheineborel-1996,
  title = {A Constructive Proof of the {{Heine}}-{{Borel}} Covering Theorem for Formal Reals},
  booktitle = {Types for {{Proofs}} and {{Programs}}},
  author = {Cederquist, Jan and Negri, Sara},
  editor = {Berardi, Stefano and Coppo, Mario},
  date = {1996},
  pages = {62--75},
  publisher = {{Springer}},
  location = {{Berlin, Heidelberg}},
  doi = {10.1007/3-540-61780-9_62},
  file = {/home/ayberkt/Zotero/storage/W59C4EGR/Cederquist and Negri - 1996 - A constructive proof of the Heine-Borel covering t.pdf},
  isbn = {978-3-540-70722-6},
  keywords = {Finite Subset,Formal Point,Formal Real,Formal Space,Induction Hypothesis},
  langid = {english},
  series = {Lecture {{Notes}} in {{Computer Science}}}
}

@article{cederquist-machineassistedformalization-1994,
  title = {A {{Machine Assisted Formalization}} of {{Pointfree Topology}} in {{Type Theory}}},
  author = {Cederquist, Jan},
  date = {1994},
  url = {https://core.ac.uk/display/23264174},
  urldate = {2019-10-23},
  file = {/home/ayberkt/Zotero/storage/PQJH4ZLD/Cederquist - 1994 - A Machine Assisted Formalization of Pointfree Topo.pdf;/home/ayberkt/Zotero/storage/V9Z2KJHU/23264174.html},
  langid = {british}
}

@article{coq-nad,
  title = {Isomorphism Is Equality},
  author = {Coquand, Thierry and Danielsson, Nils Anders},
  date = {2013-11-15},
  journaltitle = {Indagationes Mathematicae},
  shortjournal = {Indagationes Mathematicae},
  volume = {24},
  pages = {1105--1120},
  issn = {0019-3577},
  doi = {10.1016/j.indag.2013.09.002},
  file = {/home/ayberkt/Zotero/storage/BHVIAASJ/Coquand and Danielsson - 2013 - Isomorphism is equality.pdf;/home/ayberkt/Zotero/storage/EUR9QGDX/S0019357713000694.html},
  keywords = {Dependent type theory,Proof assistants,Univalence},
  langid = {english},
  number = {4},
  series = {In Memory of {{N}}.{{G}}. ({{Dick}}) de {{Bruijn}} (1918–2012)}
}

@misc{coq-posets,
  title = {Formal {{Topology}} with {{Posets}}},
  author = {Coquand, Thierry},
  date = {1996-10},
  file = {/home/ayberkt/Zotero/storage/BCTA3PIT/Coquand - 2003 - Formal Topology with Posets.pdf}
}

@article{coq-sambin,
  title = {Inductively Generated Formal Topologies},
  author = {Coquand, Thierry and Sambin, Giovanni and Smith, Jan and Valentini, S.},
  date = {2003},
  journaltitle = {Annals of Pure and Applied Logic},
  volume = {124},
  pages = {71--106},
  issn = {0168-0072},
  doi = {10.1016/S0168-0072(03)00052-6},
  file = {/home/ayberkt/Zotero/storage/U278RYGW/Coquand et al. - 2003 - Inductively generated formal topologies.pdf;/home/ayberkt/Zotero/storage/QCF8D664/173697.html},
  langid = {english},
  number = {1-3}
}

@article{coq-tychonoff,
  title = {An Intuitionistic Proof of {{Tychonoff}}'s Theorem},
  author = {Coquand, Thierry},
  date = {1992-03},
  journaltitle = {The Journal of Symbolic Logic},
  volume = {57},
  pages = {28--32},
  publisher = {{Cambridge University Press}},
  issn = {0022-4812, 1943-5886},
  doi = {10.2307/2275174},
  file = {/home/ayberkt/Zotero/storage/XVBYXU5S/341F94455892A4E52A452841BDB5969C.html},
  langid = {english},
  number = {1}
}

@article{cubical-agda,
  title = {Cubical {{Agda}}: {{A Dependently Typed Programming Language}} with {{Univalence}} and {{Higher Inductive Types}}},
  shorttitle = {Cubical {{Agda}}},
  author = {Vezzosi, Andrea and Mörtberg, Anders and Abel, Andreas},
  date = {2019-07},
  journaltitle = {Proc. ACM Program. Lang.},
  volume = {3},
  pages = {87:1--87:29},
  issn = {2475-1421},
  doi = {10.1145/3341691},
  file = {/home/ayberkt/Zotero/storage/GQW2SG6D/Vezzosi et al. - 2019 - Cubical Agda A Dependently Typed Programming Lang.pdf},
  issue = {ICFP},
  keywords = {Cubical Type Theory,Dependent Pattern Matching,Higher Inductive Types,Univalence}
}

@inproceedings{de-jong-domains,
  title = {The {{Scott}} Model of {{PCF}} in {{Univalent Type Theory}}},
  author = {de Jong, Tom},
  date = {2019-06},
  location = {{Oslo, Norway}},
  archivePrefix = {arXiv},
  eprint = {1904.09810},
  eprinttype = {arxiv},
  eventtitle = {{{TYPES}} 2019},
  options = {useprefix=true}
}

@article{dragalin,
  title = {Explicit Algebraic Models for Constructive and Classical Theories with Non-Standard Elements},
  author = {Dragalin, Albert G.},
  date = {1995-02-01},
  journaltitle = {Studia Logica},
  shortjournal = {Stud Logica},
  volume = {55},
  pages = {33--61},
  issn = {1572-8730},
  doi = {10.1007/BF01053031},
  file = {/home/ayberkt/Zotero/storage/BSP3XP5W/Dragalin - 1995 - Explicit algebraic models for constructive and cla.pdf},
  keywords = {Algebraic Model,Classical Theory,Computational Linguistic,Explicit Construction,Mathematical Logic},
  langid = {english},
  number = {1}
}

@book{dummett-intuitionism,
  title = {Elements of Intuitionism},
  author = {Dummett, Michael},
  date = {2005},
  publisher = {{Clarendon Press}},
  location = {{Oxford}},
  file = {/home/ayberkt/Zotero/storage/ES5KPMMA/(Oxford Logic Guides 39) Michael Dummett - Elements of Intuitionism-Oxford University Press, USA (2000).djvu},
  isbn = {978-0-19-850524-2},
  langid = {english}
}

@letter{email-compactness,
  title = {Re: {{A}} Question},
  author = {Coquand, Thierry},
  date = {2020-03-24},
  file = {/home/ayberkt/Zotero/storage/R9BPVU24/Coquand - 2020 - Re A question.pdf},
  type = {E-mail}
}

@online{escardo-uf-intro,
  title = {Introduction to {{Homotopy Type Theory}} and {{Univalent Foundations}} ({{HoTT}}/{{UF}}) with {{Agda}}},
  author = {Escardó, Martín},
  date = {2019-03-04},
  url = {https://www.cs.bham.ac.uk/~mhe/HoTT-UF-in-Agda-Lecture-Notes},
  urldate = {2019-12-03},
  file = {/home/ayberkt/Zotero/storage/X4ZEGAQA/index.html}
}

@incollection{fourman-grayson,
  title = {Formal {{Spaces}}},
  booktitle = {Studies in {{Logic}} and the {{Foundations}} of {{Mathematics}}},
  author = {Fourman, M. P. and Grayson, R. J.},
  editor = {Troelstra, A. S. and van Dalen, D.},
  date = {1982-01-01},
  volume = {110},
  pages = {107--122},
  publisher = {{Elsevier}},
  doi = {10.1016/S0049-237X(09)70126-0},
  file = {/home/ayberkt/Zotero/storage/I2QN3F66/1-s2.0-S0049237X09701260-main.pdf;/home/ayberkt/Zotero/storage/5TNGV8PT/S0049237X09701260.html},
  langid = {english},
  options = {useprefix=true},
  series = {The {{L}}. {{E}}. {{J}}. {{Brouwer Centenary Symposium}}}
}

@inproceedings{fourman-theoriescategories-1985,
  title = {Theories as {{Categories}}},
  booktitle = {Proceedings of the {{Tutorial}} and {{Workshop}} on {{Category Theory}} and {{Computer Programming}}},
  author = {Fourman, Michael P. and Vickers, Steven},
  date = {1985-09-16},
  pages = {434--448},
  publisher = {{Springer-Verlag}},
  location = {{Berlin, Heidelberg}},
  file = {/home/ayberkt/Zotero/storage/U7J5C8JX/Fourman and Vickers - 1985 - Theories as Categories.pdf},
  isbn = {978-3-540-17162-1}
}

@online{hancock-interaction-systems,
  title = {Interaction {{Systems}}},
  author = {Hancock, Peter},
  url = {http://www.dcs.ed.ac.uk/home/pgh/interactive_systems.html},
  urldate = {2019-11-26},
  file = {/home/ayberkt/Zotero/storage/PQR6NEB9/interactive_systems.html}
}

@article{hancock-programminginterfacesbasic-2006,
  title = {Programming Interfaces and Basic Topology},
  author = {Hancock, P. and Hyvernat, Pierre},
  date = {2006},
  journaltitle = {Annals of Pure and Applied Logic},
  volume = {137},
  pages = {189--239},
  issn = {0168-0072},
  doi = {10.1016/j.apal.2005.05.022},
  file = {/home/ayberkt/Zotero/storage/PMW7X99F/Hancock and Hyvernat - 2006 - Programming interfaces and basic topology.pdf;/home/ayberkt/Zotero/storage/UJPQ9SSZ/102668.html},
  langid = {english},
  number = {1-3}
}

@article{hedberg,
  title = {A Coherence Theorem for {{Martin}}-{{Löf}}'s Type Theory},
  author = {Hedberg, Michael},
  date = {1998-07},
  journaltitle = {Journal of Functional Programming},
  volume = {8},
  pages = {413--436},
  publisher = {{Cambridge University Press}},
  issn = {1469-7653, 0956-7968},
  doi = {10.1017/S0956796898003153},
  file = {/home/ayberkt/Zotero/storage/6WE2VY9H/Hedberg - 1998 - A coherence theorem for Martin-Löf's type theory.pdf;/home/ayberkt/Zotero/storage/3WJK4M62/37DC581B6D915FE83B74AC5984899319.html},
  langid = {english},
  number = {4}
}

@incollection{hofmann-streicher,
  title = {The Groupoid Interpretation of Type Theory},
  booktitle = {Twenty-Five Years of Constructive Type Theory ({{Venice}}, 1995)},
  author = {Hofmann, Martin and Streicher, Thomas},
  date = {1998},
  volume = {36},
  pages = {83--111},
  publisher = {{Oxford Univ. Press}},
  location = {{New York}},
  mrclass = {03B15 (68N15 68Q55)},
  mrnumber = {1686862},
  series = {Oxford Logic Guides}
}

@unpublished{homotopy-heaven,
  title = {From Setoid Hell to Homotopy Heaven?},
  author = {Altenkirch, Thorsten},
  date = {2017-06-01},
  url = {http://www.cs.nott.ac.uk/~psztxa/talks/types-17-hell.pdf},
  urldate = {2020-05-05},
  eventtitle = {23rd {{International Conference}} on {{Types}} for {{Proofs}} and {{Programs}}},
  venue = {{Budapest, Hungary}}
}

@book{hottbook,
  title = {Homotopy {{Type Theory}}: {{Univalent Foundations}} of {{Mathematics}}},
  author = {{The Univalent Foundations Program}},
  date = {2013},
  edition = {Last},
  location = {{Institute for Advanced Study}},
  url = {https://homotopytypetheory.org/book},
  file = {/home/ayberkt/Zotero/storage/3Q9VYPIT/The Univalent Foundations Program (last) - Homotopy Type Theory Univalent Foundations of Mat.pdf}
}

@article{indexed-containers,
  title = {Indexed Containers},
  author = {Altenkirch, Thorsten and Ghani, Neil and Hancock, Peter and Mcbride, Conor and Morris, Peter},
  date = {2015},
  journaltitle = {Journal of Functional Programming},
  volume = {25},
  issn = {0956-7968, 1469-7653},
  doi = {10.1017/S095679681500009X},
  file = {/home/ayberkt/Zotero/storage/9FRKL5RJ/Altenkirch et al. - 2015 - Indexed containers.pdf;/home/ayberkt/Zotero/storage/XJNDPCP5/FB9C7DC88A65E7529D39554379D9765F.html},
  langid = {english}
}

@incollection{int-formal-spaces,
  title = {Intuitionistic {{Formal Spaces}} — {{A First Communication}}},
  booktitle = {Mathematical {{Logic}} and {{Its Applications}}},
  author = {Sambin, Giovanni},
  editor = {Skordev, Dimiter G.},
  date = {1987},
  pages = {187--204},
  publisher = {{Springer US}},
  location = {{Boston, MA}},
  doi = {10.1007/978-1-4613-0897-3_12},
  file = {/home/ayberkt/Zotero/storage/NFFXCKSJ/Sambin - 1987 - Intuitionistic Formal Spaces — A First Communicati.pdf},
  isbn = {978-1-4613-0897-3},
  langid = {english}
}

@article{iversen-univalentcategoriesformalization-2018,
  title = {Univalent {{Categories A}} Formalization of Category Theory in {{Cubical Agda}}},
  author = {Iversen, Frederik Hanghøj},
  date = {2018},
  url = {https://odr.chalmers.se/handle/20.500.12380/256404},
  urldate = {2020-01-19},
  file = {/home/ayberkt/Zotero/storage/8ZGN4U9L/Iversen - 2018 - Univalent Categories A formalization of category t.pdf;/home/ayberkt/Zotero/storage/R6Y9JA69/256404.html},
  langid = {english}
}

@article{johnstone-the-point,
  title = {The Point of Pointless Topology},
  author = {Johnstone, Peter T.},
  date = {1983},
  journaltitle = {Bulletin of the American Mathematical Society},
  shortjournal = {Bull. Amer. Math. Soc.},
  volume = {8},
  pages = {41--53},
  issn = {0273-0979, 1088-9485},
  doi = {10.1090/S0273-0979-1983-15080-2},
  file = {/home/ayberkt/Zotero/storage/VCBW5XJV/Johnstone - 1983 - The point of pointless topology.pdf;/home/ayberkt/Zotero/storage/CHU6JJHP/S0273-0979-1983-15080-2.html},
  langid = {english},
  number = {1}
}

@book{maclane-sheavesgeometrylogic-1992,
  title = {Sheaves in Geometry and Logic: A First Introduction to Topos Theory},
  shorttitle = {Sheaves in Geometry and Logic},
  author = {Mac Lane, Saunders and Moerdijk, Ieke},
  date = {1992},
  publisher = {{Springer}},
  location = {{New York, NY}},
  file = {/home/ayberkt/Zotero/storage/YZUVW4L6/sheaves-in-geometry-and-logic.pdf},
  isbn = {978-1-4612-0927-0 978-0-387-97710-2 978-3-540-97710-0},
  langid = {english},
  pagetotal = {629},
  series = {Universitext}
}

@book{munkres,
  title = {Topology},
  author = {Munkres, James R.},
  date = {2000},
  publisher = {{Prentice Hall, Inc.}},
  file = {/home/ayberkt/Zotero/storage/AKNWQ466/Munkres - 2018 - Topology.pdf},
  isbn = {0-13-181629-2},
  langid = {english}
}

@online{nlab-flat-functor,
  title = {Flat Functor in {{nLab}}},
  url = {https://ncatlab.org/nlab/show/flat+functor},
  urldate = {2020-04-21},
  file = {/home/ayberkt/Zotero/storage/W3GFFUEI/flat+functor.html}
}

@online{nlab-formal-topo,
  title = {Formal Topology in {{nLab}}},
  url = {https://ncatlab.org/nlab/show/formal+topology},
  urldate = {2020-05-09},
  file = {/home/ayberkt/Zotero/storage/Y6TNUYB3/formal+topology.html}
}

@online{nlab-nucleus,
  title = {Nucleus in {{nLab}}},
  url = {https://ncatlab.org/nlab/show/nucleus},
  urldate = {2020-04-26},
  file = {/home/ayberkt/Zotero/storage/ZC3RF52F/nucleus.html}
}

@incollection{palmgren,
  title = {From {{Intuitionistic}} to {{Point}}-{{Free Topology}}: {{On}} the {{Foundation}} of {{Homotopy Theory}}},
  shorttitle = {From {{Intuitionistic}} to {{Point}}-{{Free Topology}}},
  booktitle = {Logicism, {{Intuitionism}}, and {{Formalism}}: {{What}} Has {{Become}} of {{Them}}?},
  author = {Palmgren, Erik},
  editor = {Lindström, Sten and Palmgren, Erik and Segerberg, Krister and Stoltenberg-Hansen, Viggo},
  date = {2009},
  pages = {237--253},
  publisher = {{Springer Netherlands}},
  location = {{Dordrecht}},
  doi = {10.1007/978-1-4020-8926-8_12},
  file = {/home/ayberkt/Zotero/storage/7LID99FH/Palmgren - 2009 - From Intuitionistic to Point-Free Topology On the.pdf},
  isbn = {978-1-4020-8926-8},
  keywords = {Constructive Mathematic,Formal Topology,Fundamental Group,Homotopy Theory,Terminal Object},
  langid = {english},
  series = {Synthese {{Library}}}
}

@inproceedings{partiality-revisited,
  title = {Partiality, {{Revisited}}},
  booktitle = {Foundations of {{Software Science}} and {{Computation Structures}}},
  author = {Altenkirch, Thorsten and Danielsson, Nils Anders and Kraus, Nicolai},
  editor = {Esparza, Javier and Murawski, Andrzej S.},
  date = {2017},
  pages = {534--549},
  publisher = {{Springer}},
  location = {{Berlin, Heidelberg}},
  doi = {10.1007/978-3-662-54458-7_31},
  file = {/home/ayberkt/Zotero/storage/GCYUYVD9/Altenkirch et al. - 2017 - Partiality, Revisited.pdf},
  isbn = {978-3-662-54458-7},
  langid = {english},
  series = {Lecture {{Notes}} in {{Computer Science}}}
}

@article{PDD,
  title = {Proof-Directed Debugging},
  author = {Harper, Robert},
  date = {1999-07},
  journaltitle = {Journal of Functional Programming},
  volume = {9},
  pages = {463--469},
  issn = {1469-7653, 0956-7968},
  doi = {10.1017/S0956796899003378},
  file = {/home/ayberkt/Zotero/storage/X8F4YZP3/Harper - 1999 - Proof-directed debugging.pdf;/home/ayberkt/Zotero/storage/UYGNBMST/C33E27D7A70190D0A265935CAF9938A8.html},
  langid = {english},
  number = {4}
}

@book{PFOM,
  title = {Practical Foundations of Mathematics},
  author = {Taylor, Paul},
  date = {2003},
  publisher = {{Cambridge University Press}},
  location = {{Cambridge}},
  file = {/home/ayberkt/Zotero/storage/YIUHY2T2/Taylor - 2003 - Practical foundations of mathematics.pdf},
  isbn = {978-0-521-07043-0},
  langid = {english}
}

@book{PFPL,
  title = {Practical Foundations for Programming Languages},
  author = {Harper, Robert},
  date = {2016},
  edition = {Second edition.},
  publisher = {{Cambridge University Press}},
  location = {{New York NY}},
  editora = {{Cambridge University Press}},
  editoratype = {collaborator},
  isbn = {978-1-316-57689-2},
  keywords = {Programming languages (Electronic computers)},
  langid = {english}
}

@article{philosophically-plausible,
  title = {Andrzej {{Grzegorczyk}}. {{A}} Philosophically Plausible Formal Interpretation of Intuitionistic Logic. {{Koninklijke Nederlandse Akademie}} van {{Wetenschappen}}, {{Proceedings}}, Series {{A}}, Vol. 67 (1964), Pp. 596–601; Also {{Indagationes}} Matkematicae, Vol. 26 (1964), Pp. 596–601.},
  author = {McKay, C. G.},
  date = {1971-06},
  journaltitle = {The Journal of Symbolic Logic},
  volume = {36},
  pages = {329--329},
  publisher = {{Cambridge University Press}},
  issn = {0022-4812, 1943-5886},
  doi = {10.2307/2270284},
  file = {/home/ayberkt/Zotero/storage/BM4ULNIB/E629F809AA5EF900EAC080EF769C715F.html},
  langid = {english},
  number = {2}
}

@article{pisa-notes,
  title = {Pisa Notes},
  author = {Plotkin, GD},
  date = {1983},
  journaltitle = {The Pisa Notes},
  shortjournal = {The Pisa Notes},
  volume = {123},
  pages = {127},
  file = {/home/ayberkt/Zotero/storage/P9VH7CV7/pisa-notes.pdf}
}

@inproceedings{quantifiers-and-sheaves,
  title = {Quantifiers and Sheaves},
  author = {Lawvere, F. William},
  date = {1970},
  volume = {1},
  pages = {329--334},
  location = {{Nice, France}},
  eventtitle = {Actes Du Congrès International Des Mathématiciens},
  file = {/home/ayberkt/Zotero/storage/NFASNJWM/Lawvere - 2010 - QUANTIFIERS AND SHEAVES by.pdf}
}

@article{sambin-domains,
  title = {Formal {{Topology}} and {{Domains}}},
  author = {Sambin, Giovanni},
  date = {2000-01-01},
  journaltitle = {Electronic Notes in Theoretical Computer Science},
  shortjournal = {Electronic Notes in Theoretical Computer Science},
  volume = {35},
  pages = {177--190},
  issn = {1571-0661},
  doi = {10.1016/S1571-0661(05)80742-X},
  file = {/home/ayberkt/Zotero/storage/XZX6V6W2/Sambin - 2000 - Formal Topology and Domains.pdf;/home/ayberkt/Zotero/storage/2A3VVWJN/S157106610580742X.html},
  langid = {english},
  series = {Workshop on {{Domains IV}}}
}

@book{sambin-tutorial,
  title = {A Tutorial on Formal Topology and the Basic Picture},
  author = {Sambin, Giovanni},
  date = {2007},
  file = {/home/ayberkt/Zotero/storage/TIHITPV7/Sambin - 2007 - A tutorial on formal topology and the basic pictur.pdf;/home/ayberkt/Zotero/storage/TM6CKMGV/summary.html}
}

@online{schreiber-blog-post,
  title = {What Is {{Homotopy Type Theory Good For}}?},
  author = {Urs, Schreiber},
  date = {2012-05-10},
  url = {https://golem.ph.utexas.edu/category/2012/05/what_is_homotopy_type_theory_g.html},
  urldate = {2020-05-10},
  file = {/home/ayberkt/Zotero/storage/KIZTAJ5L/what_is_homotopy_type_theory_g.html},
  langid = {english}
}

@inproceedings{scott-domainsdenotationalsemantics-1982,
  title = {Domains for Denotational Semantics},
  booktitle = {Automata, {{Languages}} and {{Programming}}},
  author = {Scott, Dana S.},
  editor = {Nielsen, Mogens and Schmidt, Erik Meineche},
  date = {1982},
  pages = {577--610},
  publisher = {{Springer}},
  location = {{Berlin, Heidelberg}},
  doi = {10.1007/BFb0012801},
  isbn = {978-3-540-39308-5},
  keywords = {Approximable Mapping,Data Object,Domain Theory,Finite Subset,Topological Space},
  langid = {english},
  series = {Lecture {{Notes}} in {{Computer Science}}}
}

@incollection{scott-lecturesmathematicaltheory-1982,
  title = {Lectures on a {{Mathematical Theory}} of {{Computation}}},
  booktitle = {Theoretical {{Foundations}} of {{Programming Methodology}}: {{Lecture Notes}} of an {{International Summer School}}, Directed by {{F}}. {{L}}. {{Bauer}}, {{E}}. {{W}}. {{Dijkstra}} and {{C}}. {{A}}. {{R}}. {{Hoare}}},
  author = {Scott, Dana S.},
  editor = {Broy, Manfred and Schmidt, Gunther},
  date = {1982},
  pages = {145--292},
  publisher = {{Springer Netherlands}},
  location = {{Dordrecht}},
  doi = {10.1007/978-94-009-7893-5_9},
  file = {/home/ayberkt/Zotero/storage/3DTJXZUC/Scott - 1982 - Lectures on a Mathematical Theory of Computation.pdf},
  isbn = {978-94-009-7893-5},
  keywords = {Finite Sequence,Mathematical Theory,Neighbourhood System,Recursive Function,Total Element},
  langid = {english},
  series = {{{NATO Advanced Study Institutes Series}}}
}

@article{scott-original,
  title = {A Type-Theoretical Alternative to {{ISWIM}}, {{CUCH}}, {{OWHY}}},
  author = {Scott, Dana S.},
  date = {1993-12-06},
  journaltitle = {Theoretical Computer Science},
  shortjournal = {Theoretical Computer Science},
  volume = {121},
  pages = {411--440},
  issn = {0304-3975},
  doi = {10.1016/0304-3975(93)90095-B},
  file = {/home/ayberkt/Zotero/storage/RZCD8IKG/Scott - 1993 - A type-theoretical alternative to ISWIM, CUCH, OWH.pdf;/home/ayberkt/Zotero/storage/WJTQJ8LB/030439759390095B.html},
  langid = {english},
  number = {1}
}

@book{SGA4,
  title = {Theorie Des {{Topos}} et {{Cohomologie Etale}} Des {{Schemas}}. {{Seminaire}} de {{Geometrie Algebrique}} Du {{Bois}}-{{Marie}} 1963-1964 ({{SGA}} 4): {{Tome}} 1},
  shorttitle = {Theorie Des {{Topos}} et {{Cohomologie Etale}} Des {{Schemas}}. {{Seminaire}} de {{Geometrie Algebrique}} Du {{Bois}}-{{Marie}} 1963-1964 ({{SGA}} 4)},
  author = {Grothendieck, Alexander and Verdier, Jean-Louis},
  date = {1972},
  publisher = {{Springer-Verlag}},
  location = {{Berlin Heidelberg}},
  doi = {10.1007/BFb0081551},
  file = {/home/ayberkt/Zotero/storage/P22H4HUV/9783540375494.html},
  isbn = {978-3-540-37549-4},
  langid = {english},
  series = {Lecture {{Notes}} in {{Mathematics}}}
}

@article{shulman-logic-of-space,
  title = {Homotopy Type Theory: The Logic of Space},
  shorttitle = {Homotopy Type Theory},
  author = {Shulman, Michael},
  date = {2017-03-08},
  url = {http://arxiv.org/abs/1703.03007},
  urldate = {2020-05-30},
  archivePrefix = {arXiv},
  eprint = {1703.03007},
  eprinttype = {arxiv},
  file = {/home/ayberkt/Zotero/storage/2RRUXQ5P/Shulman - 2017 - Homotopy type theory the logic of space.pdf;/home/ayberkt/Zotero/storage/HFZCDW9Q/1703.html},
  keywords = {Mathematics - Category Theory,Mathematics - Logic},
  primaryClass = {math}
}

@incollection{smyth-handbook,
  title = {Topology},
  booktitle = {Handbook of Logic in Computer Science (Vol. 1)},
  author = {Smyth, Michael B.},
  date = {1993},
  pages = {641--761},
  publisher = {{Oxford University Press, Inc.}},
  location = {{USA}},
  file = {/home/ayberkt/Zotero/storage/9GPMUKVF/Smyth - 1993 - Topology.pdf},
  isbn = {0-19-853735-2}
}

@book{stone-spaces,
  title = {Stone Spaces},
  author = {Johnstone, Peter T},
  date = {2002},
  publisher = {{Cambridge Univ. Press}},
  location = {{Cambridge}},
  isbn = {978-0-521-33779-3},
  langid = {english}
}

@article{synthetic-topology,
  title = {Synthetic {{Topology}}: Of {{Data Types}} and {{Classical Spaces}}},
  shorttitle = {Synthetic {{Topology}}},
  author = {Escardó, Martín},
  date = {2004-11-12},
  journaltitle = {Electronic Notes in Theoretical Computer Science},
  shortjournal = {Electronic Notes in Theoretical Computer Science},
  volume = {87},
  pages = {21--156},
  issn = {1571-0661},
  doi = {10.1016/j.entcs.2004.09.017},
  file = {/home/ayberkt/Zotero/storage/LYN84VYK/Escardó - 2004 - Synthetic Topology of Data Types and Classical Sp.pdf;/home/ayberkt/Zotero/storage/82UAD4I8/S1571066104051357.html},
  langid = {english},
  series = {Proceedings of the {{Workshop}} on {{Domain Theoretic Methods}} for {{Probabilistic Processes}}}
}

@article{taylor-asd,
  title = {Geometric and Higher Order Logic in Terms of Abstract {{Stone}} Duality},
  author = {Taylor, Paul},
  date = {2000},
  journaltitle = {Theory and Applications of Categories},
  volume = {7},
  pages = {284--338},
  number = {15}
}

@inproceedings{tree-sets,
  title = {A Set Constructor for Inductive Sets in {{Martin}}-{{Löf}}'s Type Theory},
  booktitle = {Category {{Theory}} and {{Computer Science}}},
  author = {Petersson, Kent and Synek, Dan},
  editor = {Pitt, David H. and Rydeheard, David E. and Dybjer, Peter and Pitts, Andrew M. and Poigné, Axel},
  date = {1989},
  pages = {128--140},
  publisher = {{Springer}},
  location = {{Berlin, Heidelberg}},
  doi = {10.1007/BFb0018349},
  file = {/home/ayberkt/Zotero/storage/92Y2F9GC/Petersson and Synek - 1989 - A set constructor for inductive sets in Martin-Löf.pdf},
  isbn = {978-3-540-46740-3},
  langid = {english},
  series = {Lecture {{Notes}} in {{Computer Science}}}
}

@unpublished{uppsala-awodey,
  title = {Type Theory of Higher-Dimensional Categories},
  author = {Awodey, Steve},
  date = {2006-11-13},
  url = {http://www2.math.uu.se/~palmgren/itt/},
  urldate = {2020-05-05},
  eventtitle = {Identity {{Types}} - {{Topological}} and {{Categorical Structure}}},
  venue = {{Uppsala, Sweden}}
}

@unpublished{uppsala-garner,
  title = {Factorisation Systems for Type Theory},
  author = {Garner, Richard},
  date = {2006-11-13},
  url = {http://www2.math.uu.se/~palmgren/itt/},
  urldate = {2020-05-05},
  eventtitle = {Identity {{Types}} - {{Topological}} and {{Categorical Structure}}},
  venue = {{Uppsala, Sweden}}
}

@unpublished{uppsala-van-den-berg,
  title = {Types as Weak Omega-Categories},
  author = {van den Berg, Benno},
  date = {2016-11-14},
  url = {http://www2.math.uu.se/~palmgren/itt/},
  urldate = {2020-05-05},
  eventtitle = {Identity {{Types}} - {{Topological}} and {{Categorical Structure}}},
  options = {useprefix=true},
  venue = {{Uppsala, Sweden}}
}

@unpublished{uppsala-warren,
  title = {Model Categories and Intensional Identity Types},
  author = {Warren, Michael A},
  date = {2006-11-13},
  url = {http://www2.math.uu.se/~palmgren/itt/},
  urldate = {2020-05-05},
  eventtitle = {Identity {{Types}} - {{Topological}} and {{Categorical Structure}}},
  venue = {{Uppsala, Sweden}}
}

@article{veldman-intuitionisticproofkruskal-2004,
  title = {An Intuitionistic Proof of {{Kruskal}}’s Theorem},
  author = {Veldman, Wim},
  date = {2004-02-01},
  journaltitle = {Archive for Mathematical Logic},
  shortjournal = {Arch. Math. Logic},
  volume = {43},
  pages = {215--264},
  issn = {1432-0665},
  doi = {10.1007/s00153-003-0207-x},
  file = {/home/ayberkt/Zotero/storage/S6CSWUQ8/Veldman - 2004 - An intuitionistic proof of Kruskal’s theorem.pdf},
  langid = {english},
  number = {2}
}

@book{vickers,
  title = {Topology via Logic},
  author = {Vickers, Steven},
  date = {1989},
  publisher = {{Cambridge University Press}},
  location = {{Cambridge}},
  langid = {italian}
}

@incollection{vickers-tychonoff,
  title = {Some Constructive Roads to Tychonoff},
  booktitle = {From {{Sets}} and {{Types}} to {{Topology}} and {{Analysis}}: {{Towards}} Practicable Foundations for Constructive Mathematics},
  author = {Vickers, Steven},
  editor = {Crosilla, Laura and Schuster, Peter},
  date = {2005-12},
  pages = {223--237},
  publisher = {{Oxford Science Publications}},
  editorb = {Gabbay, Dov M. and MacIntyre, Angus J. and Scott, Dana S.},
  editorbtype = {redactor},
  isbn = {978-0-19-856651-9},
  number = {48},
  series = {Oxford {{Logic Guides}}}
}

@unpublished{voevodsky-bernays,
  title = {Foundations of Mathematics - Their Past, Present and Future},
  author = {Voevodsky, Vladimir},
  date = {2014-09-09/2014-09-10},
  venue = {{ETH Zurich}}
}

@article{voevodsky-very-short,
  title = {A Very Short Note on Homotopy Lambda Calculus},
  author = {Voevodsky, Vladimir},
  date = {2006-10-27},
  journaltitle = {Unpublished note}
}

@unpublished{warren-fmcs,
  title = {Homotopy Models of Intensional Type Theory},
  author = {Warren, Michael A.},
  date = {2006-06},
  eventtitle = {Foundational {{Methods}} in {{Computer Science}}},
  venue = {{Kananaskis, Alberta, Canada}}
}


