@article{ scott:1969
, author = { Scott, Dana S. }
, title  = { A Type-theoretical Alternative to ISWIM, CUCH, OWHY }
, year   = { 1969 }
, note   = { Unpublished note }
}

@inproceedings{ scott:1982
, author    = { Scott, Dana S. }
, year      = { 1982 }
, month     = { 01 }
, pages     = { 577-613 }
, booktitle = { International Colloquium on Automata, Languages, and Programming }
, title     = { Domains for Denotational Semantics }
, doi       = { 10.1007/BFb0012801 }
}

@article { stone:1934
, title     = { Boolean algebras and their application to topology }
, author    = { Stone, Marshall H. }
, journal   = { Proceedings of the National Academy of Sciences of the United States of America }
, volume    = { 20 }
, number    = { 3 }
, pages     = { 197 }
, year      = { 1934 }
, publisher = { National Academy of Sciences }
}

@article{ isbell:1973
, title     = { Atomless parts of spaces }
, author    = { Isbell, John R. }
, journal   = { Mathematica Scandinavica }
, volume    = { 31 }
, number    = { 1 }
, pages     = { 5--32 }
, year      = { 1973 }
, publisher = { JSTOR }
}

@book{ johnstone:1982
, title      = { Stone spaces }
, author     = { Johnstone, Peter T. }
, volume     = { 3 }
, year       = { 1982 }
, publisher  = { Cambridge University Press }
}

@article{ abramsky:1991
, title   = { Domain theory in logical form }
, journal = { Annals of Pure and Applied Logic }
, volume  = { 51 }
, number  = { 1 }
, pages   = { 1 - 77 }
, year    = { 1991 }
, issn    = { 0168-0072 }
, doi     = { https://doi.org/10.1016/0168-0072(91)90065-T }
, author  = { Samson Abramsky },
}

@book{ hottbook
, author    = { The {Univalent Foundations Program} }
, title     = { Homotopy Type Theory: Univalent Foundations of Mathematics }
, publisher = { \url{https://homotopytypetheory.org/book} }
, address   = { Institute for Advanced Study }
, year      = { 2013 }
}

@article{ cubicaltt
, title   = { Cubical Type Theory: A Constructive Interpretation of the Univalence Axiom }
, author  = { Cyril Cohen and Thierry Coquand and Simon Huber and Anders M{\"o}rtberg }
, journal = { FLAP }
, year    = { 2015 }
, volume  = { 4 }
, pages   = { 3127-3170 }
}