
@article{abramsky-thesis,
  title = {Domain Theory in Logical Form},
  author = {Abramsky, Samson},
  date = {1991-03-14},
  journaltitle = {Annals of Pure and Applied Logic},
  shortjournal = {Annals of Pure and Applied Logic},
  volume = {51},
  pages = {1--77},
  issn = {0168-0072},
  doi = {10.1016/0168-0072(91)90065-T},
  file = {/home/ayberkt/Zotero/storage/QP8TAA8N/Abramsky - 1991 - Domain theory in logical form.pdf;/home/ayberkt/Zotero/storage/3YX93DA8/016800729190065T.html},
  langid = {english},
  number = {1}
}

@book{hottbook,
  title = {Homotopy {{Type Theory}}: {{Univalent Foundations}} of {{Mathematics}}},
  author = {{The Univalent Foundations Program}},
  date = {2013},
  edition = {Last},
  location = {{Institute for Advanced Study}},
  url = {https://homotopytypetheory.org/book},
  file = {/home/ayberkt/Zotero/storage/3Q9VYPIT/The Univalent Foundations Program (last) - Homotopy Type Theory Univalent Foundations of Mat.pdf}
}

@inproceedings{quantifiers-and-sheaves,
  title = {Quantifiers and Sheaves},
  author = {Lawvere, F. William},
  date = {1970},
  volume = {1},
  pages = {329--334},
  location = {{Nice, France}},
  eventtitle = {Actes Du Congrès International Des Mathématiciens},
  file = {/home/ayberkt/Zotero/storage/NFASNJWM/Lawvere - 2010 - QUANTIFIERS AND SHEAVES by.pdf}
}

@article{sambin-domains,
  title = {Formal {{Topology}} and {{Domains}}},
  author = {Sambin, Giovanni},
  date = {2000-01-01},
  journaltitle = {Electronic Notes in Theoretical Computer Science},
  shortjournal = {Electronic Notes in Theoretical Computer Science},
  volume = {35},
  pages = {177--190},
  issn = {1571-0661},
  doi = {10.1016/S1571-0661(05)80742-X},
  file = {/home/ayberkt/Zotero/storage/XZX6V6W2/Sambin - 2000 - Formal Topology and Domains.pdf;/home/ayberkt/Zotero/storage/2A3VVWJN/S157106610580742X.html},
  langid = {english},
  series = {Workshop on {{Domains IV}}}
}

@article{scott-original,
  title = {A Type-Theoretical Alternative to {{ISWIM}}, {{CUCH}}, {{OWHY}}},
  author = {Scott, Dana S.},
  date = {1993-12-06},
  journaltitle = {Theoretical Computer Science},
  shortjournal = {Theoretical Computer Science},
  volume = {121},
  pages = {411--440},
  issn = {0304-3975},
  doi = {10.1016/0304-3975(93)90095-B},
  file = {/home/ayberkt/Zotero/storage/RZCD8IKG/Scott - 1993 - A type-theoretical alternative to ISWIM, CUCH, OWH.pdf;/home/ayberkt/Zotero/storage/WJTQJ8LB/030439759390095B.html},
  langid = {english},
  number = {1}
}

@incollection{smyth-handbook,
  title = {Topology},
  booktitle = {Handbook of Logic in Computer Science (Vol. 1)},
  author = {Smyth, M. B.},
  date = {1993},
  pages = {641--761},
  publisher = {{Oxford University Press, Inc.}},
  location = {{USA}},
  file = {/home/ayberkt/Zotero/storage/9GPMUKVF/Smyth - 1993 - Topology.pdf},
  isbn = {0-19-853735-2}
}

@article{synthetic-topology,
  title = {Synthetic {{Topology}}: Of {{Data Types}} and {{Classical Spaces}}},
  shorttitle = {Synthetic {{Topology}}},
  author = {Escardó, Martín},
  date = {2004-11-12},
  journaltitle = {Electronic Notes in Theoretical Computer Science},
  shortjournal = {Electronic Notes in Theoretical Computer Science},
  volume = {87},
  pages = {21--156},
  issn = {1571-0661},
  doi = {10.1016/j.entcs.2004.09.017},
  file = {/home/ayberkt/Zotero/storage/LYN84VYK/Escardó - 2004 - Synthetic Topology of Data Types and Classical Sp.pdf;/home/ayberkt/Zotero/storage/82UAD4I8/S1571066104051357.html},
  langid = {english},
  series = {Proceedings of the {{Workshop}} on {{Domain Theoretic Methods}} for {{Probabilistic Processes}}}
}

@article{taylor-asd,
  title = {Geometric and Higher Order Logic in Terms of Abstract {{Stone}} Duality},
  author = {Taylor, Paul},
  date = {2000},
  journaltitle = {Theory and Applications of Categories},
  volume = {7},
  pages = {284--338},
  number = {15}
}

@inproceedings{tree-sets,
  title = {A Set Constructor for Inductive Sets in {{Martin}}-{{Löf}}'s Type Theory},
  booktitle = {Category {{Theory}} and {{Computer Science}}},
  author = {Petersson, Kent and Synek, Dan},
  editor = {Pitt, David H. and Rydeheard, David E. and Dybjer, Peter and Pitts, Andrew M. and Poigné, Axel},
  date = {1989},
  pages = {128--140},
  publisher = {{Springer}},
  location = {{Berlin, Heidelberg}},
  doi = {10.1007/BFb0018349},
  file = {/home/ayberkt/Zotero/storage/92Y2F9GC/Petersson and Synek - 1989 - A set constructor for inductive sets in Martin-Löf.pdf},
  isbn = {978-3-540-46740-3},
  langid = {english},
  series = {Lecture {{Notes}} in {{Computer Science}}}
}

@book{vickers,
  title = {Topology via Logic},
  author = {Vickers, Steven},
  date = {1989},
  publisher = {{Cambridge University Press}},
  location = {{Cambridge}},
  langid = {italian}
}


