@article{ scott:1969
, author = { Scott, Dana S. }
, title  = { A Type-theoretical Alternative to ISWIM, CUCH, OWHY }
, year   = { 1969 }
, note   = { Unpublished note }
}

@inproceedings{ scott:1982
, author    = { Scott, Dana S. }
, year      = { 1982 }
, month     = { 01 }
, pages     = { 577-613 }
, booktitle = { International Colloquium on Automata, Languages, and Programming }
, title     = { Domains for Denotational Semantics }
, doi       = { 10.1007/BFb0012801 }
}

@inbook{ scott:1981
, author    = { Scott, Dana S. }
, editor    = { Broy, Manfred and Schmidt, Gunther }
, title     = { Lectures on a Mathematical Theory of Computation }
, bookTitle = { Theoretical Foundations of Programming Methodology: Lecture Notes of an
                International Summer School, directed by F. L. Bauer, E. W. Dijkstra and
                C. A. R. Hoare
              }
, year      = { 1982 }
, publisher = { Springer Netherlands }
, address   = { Dordrecht }
, pages     = { 145--292 }
, isbn      = { 978-94-009-7893-5 }
, doi       = { 10.1007/978-94-009-7893-5_9 }
, url       = { https://doi.org/10.1007/978-94-009-7893-5_9 }
}


@article { stone:1934
, title     = { Boolean algebras and their application to topology }
, author    = { Stone, Marshall H. }
, journal   = { Proceedings of the National Academy of Sciences of the United States of America }
, volume    = { 20 }
, number    = { 3 }
, pages     = { 197 }
, year      = { 1934 }
, publisher = { National Academy of Sciences }
}

@article{ isbell:1973
, title     = { Atomless parts of spaces }
, author    = { Isbell, John R. }
, journal   = { Mathematica Scandinavica }
, volume    = { 31 }
, number    = { 1 }
, pages     = { 5--32 }
, year      = { 1973 }
, publisher = { JSTOR }
}

@book{ johnstone:1982
, title      = { Stone spaces }
, author     = { Johnstone, Peter T. }
, volume     = { 3 }
, year       = { 1982 }
, publisher  = { Cambridge University Press }
}

@article{ abramsky:1991
, title   = { Domain theory in logical form }
, journal = { Annals of Pure and Applied Logic }
, volume  = { 51 }
, number  = { 1 }
, pages   = { 1 - 77 }
, year    = { 1991 }
, issn    = { 0168-0072 }
, doi     = { https://doi.org/10.1016/0168-0072(91)90065-T }
, author  = { Samson Abramsky },
}

@book{ hottbook
, author    = { The {Univalent Foundations Program} }
, title     = { Homotopy Type Theory: Univalent Foundations of Mathematics }
, publisher = { \url{https://homotopytypetheory.org/book} }
, address   = { Institute for Advanced Study }
, year      = { 2013 }
}

@article{ cubicaltt
, title   = { Cubical Type Theory: A Constructive Interpretation of the Univalence Axiom }
, author  = { Cyril Cohen and Thierry Coquand and Simon Huber and Anders M{\"o}rtberg }
, journal = { FLAP }
, year    = { 2015 }
, volume  = { 4 }
, pages   = { 3127-3170 }
}

@book{ birkhoff:1940
, title     = { Lattice Theory }
, author    = { Birkhoff, Garrett }
, volume    = { 25 }
, year      = { 1940 }
, publisher = { American Mathematical Society }
}

@inproceedings{ norell:2008
, title        = { Dependently typed programming in Agda }
, author       = { Norell, Ulf }
, booktitle    = { International School on Advanced Functional Programming }
, pages        = { 230--266 }
, year         = { 2008 }
, organization = { Springer }
}

@article{ cubicalagda,
 author = {Vezzosi, Andrea and M\"{o}rtberg, Anders and Abel, Andreas},
 title = {Cubical Agda: A Dependently Typed Programming Language with Univalence and Higher Inductive Types},
 journal = {Proc. ACM Program. Lang.},
 issue_date = {August 2019},
 volume = {3},
 number = {ICFP},
 month = jul,
 year = {2019},
 issn = {2475-1421},
 pages = {87:1--87:29},
 articleno = {87},
 numpages = {29},
 url = {http://doi.acm.org/10.1145/3341691},
 doi = {10.1145/3341691},
 acmid = {3341691},
 publisher = {ACM},
 address = {New York, NY, USA},
 keywords = {Cubical Type Theory, Dependent Pattern Matching, Higher Inductive Types, Univalence},
} 

@inbook{ coquand:1997
, place={Cambridge}
, series={Publications of the Newton Institute}
, title={Computational Content of Classical Logic Thierry Coquand}
, DOI={10.1017/CBO9780511526619.003}
, booktitle={Semantics and Logics of Computation}
, publisher={Cambridge University Press}
, author={Coquand, Thierry}
, editor={Pitts, Andrew M. and Dybjer, P.Editors}
, year={1997}
, pages={33â€“78}
, collection={Publications of the Newton Institute}
}

@article{ sambin:2007
, title    = { A tutorial on formal topology and the basic picture }
, author   = { Sambin, Giovanni }
, year     = { 2007 }
, publisher= { Citeseer }
}

